<record xmlns="http://www.loc.gov/MARC21/slim" xmlns:xsi="http://www.w3.org/2001/XMLSchema-instance" xsi:schemaLocation="http://www.loc.gov/MARC21/slim http://www.loc.gov/standards/marcxml/schema/MARC21slim.xsd"><leader>     nam a22        4500</leader><controlfield tag="001">3071272</controlfield><controlfield tag="003">NNC</controlfield><controlfield tag="006">m        d        </controlfield><controlfield tag="007">cr cn |||m|||a</controlfield><controlfield tag="008">150601s1949    ua      o     000 0 arar </controlfield><datafield ind1=" " ind2=" " tag="040"><subfield code="a">NNU</subfield><subfield code="b">eng</subfield><subfield code="e">rda</subfield><subfield code="c">NNU</subfield></datafield><datafield ind1="0" ind2="0" tag="050"><subfield code="a">BP166.8</subfield><subfield code="b">.A8 1949</subfield></datafield><datafield ind1="1" ind2=" " tag="100"><subfield code="6">880-01</subfield><subfield code="a">Avicenna,</subfield><subfield code="d">980-1037.</subfield></datafield><datafield ind1="1" ind2="0" tag="240"><subfield code="6">880-02</subfield><subfield code="a">ad&#803;h&#803;awi&#772;yah fi&#772; amr al-ma&#699;a&#772;d </subfield></datafield><datafield ind1="1" ind2="0" tag="245"><subfield code="6">880-03</subfield><subfield code="a">Risa&#772;lah ad&#803;h&#803;awi&#772;yah fi&#772; amr al-ma&#699;a&#772;d /</subfield><subfield code="c">lil-Shaykh al-Ra&#700;i&#772;s ; d&#803;abat&#803;aha&#772; wa-h&#803;aqqaqaha&#772; Sulayma&#772;n Dunya&#772;.</subfield></datafield><datafield ind1=" " ind2=" " tag="250"><subfield code="6">880-04</subfield><subfield code="a">al-T&#803;ab&#699;ah 1.</subfield></datafield><datafield ind1=" " ind2=" " tag="260"><subfield code="6">880-05</subfield><subfield code="a">[al-Qa&#772;hirah] :</subfield><subfield code="b">Da&#772;r al-Fikr al-&#699;Arabi&#772;,</subfield><subfield code="c">1949.</subfield></datafield><datafield ind1=" " ind2=" " tag="300"><subfield code="a">online resource (127 pages)</subfield></datafield><datafield ind1=" " ind2=" " tag="336"><subfield code="a">text</subfield><subfield code="2">rdacontent</subfield></datafield><datafield ind1=" " ind2=" " tag="337"><subfield code="a">computer</subfield><subfield code="2">rdamedia</subfield></datafield><datafield ind1=" " ind2=" " tag="338"><subfield code="a">online resource</subfield><subfield code="2">rdacarrier</subfield></datafield><datafield ind1=" " ind2=" " tag="500"><subfield code="a">Part of the Arabic Collections Online (ACO) project, contributed by Columbia University Libraries.</subfield></datafield><datafield ind1=" " ind2=" " tag="533"><subfield code="a">Electronic reproduction.</subfield><subfield code="b">New York, N.Y. :</subfield><subfield code="c">New York University,</subfield><subfield code="d">2015.</subfield><subfield code="5">NNU</subfield></datafield><datafield ind1=" " ind2="0" tag="650"><subfield code="a">Future life</subfield><subfield code="x">Islam.</subfield></datafield><datafield ind1=" " ind2="7" tag="650"><subfield code="a">Future life</subfield><subfield code="x">Islam.</subfield><subfield code="2">fast</subfield><subfield code="0">(OCoLC)fst00936737</subfield></datafield><datafield ind1="1" ind2=" " tag="700"><subfield code="6">880-06</subfield><subfield code="a">Dunya&#772;, Sulayma&#772;n.</subfield></datafield><datafield ind1="2" ind2=" " tag="710"><subfield code="a">Columbia University.</subfield><subfield code="b">Libraries.</subfield></datafield><datafield ind1="0" ind2=" " tag="730"><subfield code="a">Arabic Collections Online.</subfield></datafield><datafield ind1="0" ind2="8" tag="776"><subfield code="i">Online version:</subfield><subfield code="a">Avicenna, 980-1037.</subfield><subfield code="t">Risa&#772;lah ad&#803;h&#803;awi&#772;yah fi&#772; amr al-ma&#699;a&#772;d.</subfield><subfield code="b">al-T&#803;ab&#699;ah 1.</subfield><subfield code="d">[al-Qa&#772;hirah] : Da&#772;r al-Fikr al-&#699;Arabi&#772;, 1949</subfield><subfield code="w">(OCoLC)639438085</subfield></datafield><datafield ind1="0" ind2="8" tag="776"><subfield code="i">Print version:</subfield><subfield code="a">Avicenna, 980-1037.</subfield><subfield code="t">Risa&#772;lah ad&#803;h&#803;awi&#772;yah fi&#772; amr al-ma&#699;a&#772;d</subfield><subfield code="w">(NNC)3071272</subfield><subfield code="w">(DLC)ne 66000610 </subfield><subfield code="w">(OCoLC)28701456</subfield></datafield><datafield ind1="4" ind2="0" tag="856"><subfield code="u">http://hdl.handle.net/2333.1/rbnzsb09</subfield></datafield><datafield ind1="1" ind2=" " tag="880"><subfield code="6">100-01/r</subfield><subfield code="a">&#1575;&#1576;&#1606; &#1587;&#1610;&#1606;&#1575;.</subfield></datafield><datafield ind1="1" ind2="0" tag="880"><subfield code="6">240-02/r</subfield><subfield code="a">&#1575;&#1590;&#1581;&#1608;&#1610;&#1577; &#1601;&#1610; &#1575;&#1605;&#1585; &#1575;&#1604;&#1605;&#1593;&#1575;&#1583;</subfield></datafield><datafield ind1="1" ind2="0" tag="880"><subfield code="6">245-03/r</subfield><subfield code="a">&#1585;&#1587;&#1575;&#1604;&#1577; &#1571;&#1590;&#1581;&#1608;&#1610;&#1577; &#1601;&#1610; &#1571;&#1605;&#1585; &#1575;&#1604;&#1605;&#1593;&#1575;&#1583; /</subfield><subfield code="c">&#1604;&#1604;&#1588;&#1610;&#1582; &#1575;&#1604;&#1585;&#1574;&#1610;&#1587; &#1563; &#1590;&#1576;&#1591;&#1607;&#1575; &#1608;&#1581;&#1602;&#1602;&#1607;&#1575; &#1587;&#1604;&#1610;&#1605;&#1575;&#1606; &#1583;&#1606;&#1610;&#1575;.</subfield></datafield><datafield ind1=" " ind2=" " tag="880"><subfield code="6">250-04/r</subfield><subfield code="a">&#1575;&#1604;&#1591;&#1576;&#1593;&#1577; &#1633;.</subfield></datafield><datafield ind1=" " ind2=" " tag="880"><subfield code="6">260-05/r</subfield><subfield code="a">&#1575;&#1604;&#1602;&#1575;&#1607;&#1585;&#1577; :</subfield><subfield code="b">&#1583;&#1575;&#1585; &#1575;&#1604;&#1601;&#1603;&#1585; &#1575;&#1604;&#1593;&#1585;&#1576;&#1610;&#1548;</subfield><subfield code="c">1368.</subfield></datafield><datafield ind1="1" ind2=" " tag="880"><subfield code="6">700-06/r</subfield><subfield code="a">&#1583;&#1606;&#1610;&#1575;&#1548; &#1587;&#1604;&#1610;&#1605;&#1575;&#1606;.</subfield></datafield><datafield ind1=" " ind2=" " tag="959"><subfield code="a">NNU</subfield><subfield code="b">WEB</subfield><subfield code="c">GENI</subfield><subfield code="t">0</subfield><subfield code="m">Electronic access</subfield><subfield code="s">01</subfield></datafield><datafield ind1=" " ind2=" " tag="999"><subfield code="i">NNC_3071272</subfield><subfield code="o">(OCoLC)ocm28701456</subfield><subfield code="s">columbia_aco000518</subfield><subfield code="e">(ERROR-880)</subfield><subfield code="s">columbia_aco000518</subfield></datafield></record>